<?xml version="1.0" encoding="UTF-8"?><collection xmlns="http://www.loc.gov/MARC21/slim"><record><leader>00598nam--2200193-i-4500</leader><controlfield tag="001">000040412</controlfield><controlfield tag="002">20161230</controlfield><controlfield tag="005">20161230201042</controlfield><controlfield tag="008">060222s1000------------r-----000-0-rum-d</controlfield><datafield ind1=" " ind2=" " tag="040"><subfield code="a">IFIN-HH</subfield></datafield><datafield ind1=" " ind2=" " tag="041"><subfield code="a">rum</subfield></datafield><datafield ind1=" " ind2=" " tag="080"><subfield code="a">539.216.2(043)</subfield></datafield><datafield ind1="1" ind2=" " tag="100"><subfield code="a">Savos, Melania</subfield></datafield><datafield ind1="1" ind2="0" tag="245"><subfield code="a">Studiul formarii oxidului anodic din aluminiu cu reteta de ematalizare si jaggarao prin metoda substitutiei izotopice h-d</subfield><subfield code="b">Teza</subfield><subfield code="c">Melania savos</subfield></datafield><datafield ind1=" " ind2=" " tag="260"><subfield code="a">Bucuresti</subfield><subfield code="b">Ifin</subfield><subfield code="c">1987</subfield></datafield><datafield ind1=" " ind2=" " tag="300"><subfield code="a">120 P</subfield></datafield><datafield ind1=" " ind2=" " tag="502"><subfield code="a">Conducator Stiintific: Dr.Al.St.Olariu</subfield></datafield><datafield ind1=" " ind2=" " tag="852"><subfield code="a">74086</subfield><subfield code="c">539.217</subfield></datafield><datafield ind1=" " ind2=" " tag="CAT"><subfield code="a">Sys</subfield><subfield code="c">20121211</subfield><subfield code="h">095159</subfield></datafield></record></collection>